%% This BibTeX bibliography file was created using BibDesk.
%% http://bibdesk.sourceforge.net/


%% Created for Zarathon Lopes Viana at 2013-02-05 10:25:23 -0300 


%% Saved with string encoding Unicode (UTF-8) 



@electronic{cod,
	Author = {CodeAcademy},
	Date-Added = {2013-02-05 13:19:36 +0000},
	Date-Modified = {2013-02-05 13:25:23 +0000},
	Lastchecked = {05},
	Month = {02},
	Title = {CodeAcademy},
	Url = {http://www.codecademy.com/},
	Year = {2013}}

@article{gom,
	Author = {Cledson Cala{\c c}a Cavalcante Gomes and David Henrique de Souza Lima and Raphael Pereira Ribeiro and Eliana Silva de Almeida and Patrick Henrique da Silva Brito},
	Date-Added = {2013-02-05 13:16:59 +0000},
	Date-Modified = {2013-02-05 13:19:26 +0000},
	Journal = {WEI - XIX Workshop sobre Educa{\c c}{\~a}o em Computa{\c c}{\~a}o},
	Keywords = {relacionados},
	Title = {Uma Proposta para Auxiliar Alunos e Professores no Ensino de Programa{\c c}{\~a}o: O Ambiente AIIP},
	Year = {2011}}

@article{nor,
	Author = {Thiago F. Noronha and Nat{\~a} Goulart and Matheus A. Pacheco and Gabriel G. A. Barbosa},
	Date-Added = {2013-02-05 13:08:54 +0000},
	Date-Modified = {2013-02-05 13:16:44 +0000},
	Journal = {WEI - XIX Workshop sobre Educa{\c c}{\~a}o em Computa{\c c}{\~a}o},
	Keywords = {relacionados},
	Title = {Uma nova metodologia para o desenvolvimento de sistemas de corre{\c c}{\~a}o autom{\'a}tica de listas de exerc{\'\i}cios de programac{\~a}o baseada em testes de unidade},
	Year = {2011}}

@book{FU3,
	Author = {Ana Fernanda Gomes Ascencio and Edilene Aparecida Veneruchi de Campos},
	Date-Added = {2012-05-31 17:48:28 +0000},
	Date-Modified = {2012-05-31 17:49:44 +0000},
	Keywords = {fundamentos},
	Publisher = {Pearson Education},
	Title = {Fundamentos de Programa{\c c}{\~a}o de Computadores},
	Year = {2008}}

@book{FU2,
	Author = {Luis Joyanes Aguilar},
	Date-Added = {2012-05-31 17:46:29 +0000},
	Date-Modified = {2012-05-31 17:48:15 +0000},
	Keywords = {fundamentos},
	Publisher = {McGraw-Hill},
	Title = {Fundamentos de Programa{\c c}{\~a}o - Algoritmos, Estruturas de Dados e Objetos},
	Year = {2008}}

@book{FU1,
	Author = {Bruno Feij{\'o} and Esteban Clua and Fl{\'a}vio S Corr{\^e}a da Silva},
	Date-Added = {2012-05-31 17:44:09 +0000},
	Date-Modified = {2012-05-31 17:46:22 +0000},
	Keywords = {fundamentos},
	Publisher = {Campus},
	Title = {Introdu{\c c}{\~a}o {\`a} Ci{\^e}ncia da Computa{\c c}{\~a}o com Jogos},
	Year = {2010}}

@webpage{ME01,
	Author = {Ant{\'o}nio Jos{\'e} Nunes Mendes},
	Date-Added = {2012-05-24 20:44:35 +0000},
	Date-Modified = {2012-05-24 20:45:54 +0000},
	Keywords = {educa{\c c}{\~a}o},
	Lastchecked = {2012},
	Title = {Software Educativo para Apoio {\`a} Aprendizagem de Programa{\c c}{\~a}o},
	Url = {http://www.c5.cl/ieinvestiga/actas/tise01/pags/charlas/index.htm},
	Year = {2001},
	Bdsk-Url-1 = {http://www.c5.cl/ieinvestiga/actas/tise01/pags/charlas/index.htm}}

@article{GM00,
	Author = {Ant{\'o}nio Jos{\'e} Nunes Mendes and Anabela Jesus Gomes},
	Date-Added = {2012-05-24 20:39:09 +0000},
	Date-Modified = {2012-05-24 20:43:10 +0000},
	Journal = {V Congresso Iberoamericano de Informatica Educativa},
	Keywords = {educa{\c c}{\~a}o},
	Title = {Suporte {\`a} aprendizagem da programa{\c c}{\~a}o com o ambiente SICAS},
	Year = {2000}}

@book{VL09,
	Author = {Jos{\'e} Armando Valente},
	Date-Added = {2012-05-24 19:32:32 +0000},
	Date-Modified = {2012-05-24 19:39:22 +0000},
	Journal = {NIED/UNICAMP},
	Keywords = {educa{\c c}{\~a}o},
	Publisher = {NIED/UNICAMP},
	Title = {O Computador na Sociedade do Conhecimento},
	Year = {1996}}

@book{DT02,
	Address = {S{\~a}o Paulo / SP},
	Author = {Luiz Roberto Dante},
	Date-Added = {2012-05-24 18:42:49 +0000},
	Date-Modified = {2012-05-24 18:43:57 +0000},
	Keywords = {educa{\c c}{\~a}o},
	Publisher = {{\'A}tica},
	Title = {Did{\'a}tica da Resolu{\c c}{\~a}o de Problemas de Matem{\'a}tica},
	Year = {2002}}

@article{CB10,
	Author = {C{\'\i}cero Bandeira Lima Filho},
	Date-Added = {2012-05-24 18:37:05 +0000},
	Date-Modified = {2012-05-24 18:41:09 +0000},
	Journal = {Universidade Federal do Cear{\'a} - UFC Virtual},
	Keywords = {educa{\c c}{\~a}o},
	Title = {ELABORA{\c C}{\~A}O DE ALGORITMOS E RESOLU{\c C}{\~A}O DE PROBLEMAS PARA A APRENDIZAGEM MATEM{\'A}TICA: CONTRIBUI{\c C}{\~O}ES REC{\'I}PROCAS},
	Year = {2010}}

@article{DE08,
	Author = {Janice In{\^e}s Deters},
	Date-Added = {2012-05-24 18:31:18 +0000},
	Date-Modified = {2012-05-24 18:35:49 +0000},
	Journal = {II Workshop de Ambientes de apoio {\`a} Aprendizagem de Algoritmos e Programa{\c c}{\~a}o - Simp{\'o}sio Brasileiro de Inform{\'a}tica na Educa{\c c}{\~a}o},
	Keywords = {educa{\c c}{\~a}o},
	Title = {O Desafio de Trabalhar com Alunos Repetentes na Disciplina de Algoritmos e Programa{\c c}{\~a}o},
	Year = {2008}}

@book{PO95,
	Author = {George Polya},
	Date-Added = {2012-05-24 18:17:05 +0000},
	Date-Modified = {2012-05-24 18:23:39 +0000},
	Edition = {1ed},
	Keywords = {educa{\c c}{\~a}o},
	Publisher = {INTERCIENCIA},
	Title = {A arte de resolver problemas},
	Year = {1995}}

@article{VA09,
	Author = {Adilson Vahldick},
	Date-Added = {2012-05-24 18:09:46 +0000},
	Date-Modified = {2012-05-24 18:13:52 +0000},
	Institution = {Universidade Regional de Blumenau (FURB)},
	Journal = {I Workshop de Ambientes de Apoio {\`a} Aprendizagem de Algoritmos e Programa{\c c}{\~a}o -- Simp{\'o}sio Brasileiro de Inform{\'a}tica na Educa{\c c}{\~a}o},
	Keywords = {educa{\c c}{\~a}o},
	Title = {Uma Experi{\^e}ncia L{\'u}dica no Ensino de Programa{\c c}{\~a}o Orientada a Objetos},
	Year = {2009}}

@article{DB86,
	Author = {Benedict Du Boulay},
	Date-Added = {2012-05-24 17:59:42 +0000},
	Date-Modified = {2012-05-24 18:00:16 +0000},
	Journal = {Journal of Educational Computing Research},
	Keywords = {educa{\c c}{\~a}o},
	Title = {Some Difficulties of Learning to Program},
	Volume = {2},
	Year = {1986}}

@article{SI11,
	Author = {Silv{\'e}rio Sirotheau},
	Date-Added = {2012-05-24 17:52:02 +0000},
	Date-Modified = {2012-05-24 18:12:35 +0000},
	Institution = {Universidade Federal do Par{\'a} (UFPA)},
	Journal = {Anais do XXII SBIE - XVII WIE},
	Keywords = {educa{\c c}{\~a}o},
	Title = {Aprendizagem de iniciantes em algoritmos e programa{\c c}{\~a}o: foco nas compet{\^e}ncias de autoavalia{\c c}{\~a}o},
	Year = {2011}}

@webpage{TF12,
	Author = {Sarah Allen},
	Date-Added = {2012-05-24 17:42:55 +0000},
	Date-Modified = {2012-05-24 18:04:46 +0000},
	Keywords = {TDD},
	Lastchecked = {2012},
	Read = {0},
	Title = {About Test-First Teaching},
	Url = {http://testfirst.org/about},
	Urldate = {http://testfirst.org/about},
	Year = {2012},
	Bdsk-Url-1 = {http://testfirst.org/about}}

@book{TL04,
	Author = {Vin{\'\i}cius Manh{\~a}es Teles},
	Date-Added = {2012-05-24 17:23:07 +0000},
	Date-Modified = {2012-05-24 17:24:48 +0000},
	Edition = {1ed},
	Keywords = {xp, tdd},
	Publisher = {Novatec},
	Title = {Extreme Programming: Aprenda a encantar seus usu{\'a}rios desenvolvendo software com agilidade e alta qualidade},
	Volume = {1},
	Year = {2004}}

@book{SV07,
	Author = {Ian Sommerville},
	Date-Added = {2012-05-24 17:21:05 +0000},
	Date-Modified = {2012-05-24 17:22:52 +0000},
	Edition = {8ed},
	Keywords = {Engenharia de Software},
	Publisher = {Pearson Education},
	Title = {Engenharia de Software. Tradu{\c c}{\~a}o Selma Shin Shimizu Melnikoff, Reginaldo Arakaki e Ed{\'\i}lson de Andrade Barbosa},
	Volume = {1},
	Year = {2007}}

@book{KB2003,
	Author = {Kent Beck},
	Date-Added = {2012-05-24 05:23:05 +0000},
	Date-Modified = {2012-05-24 05:39:30 +0000},
	Edition = {1ed},
	Keywords = {TDD},
	Publisher = {Pearson Education},
	Title = {Test Driven Development: By Example},
	Volume = {1},
	Year = {2003}}
